@book{darcy,
   title =     {Transport Phenomena.},
   author =    {R. Byron Bird, Warren E. Stewart, Edwin N. Lightfoot},
   publisher = {Wiley},
   isbn =      {0471410772; 9780471410775},
   year =      {2001},
   edition =   {2},
}


@article{Wang2018,
  title = {Dynamic traffic assignment: A review of the methodological advances for environmentally sustainable road transportation applications},
  volume = {111},
  ISSN = {0191-2615},
  url = {http://dx.doi.org/10.1016/j.trb.2018.03.011},
  DOI = {10.1016/j.trb.2018.03.011},
  journal = {Transportation Research Part B: Methodological},
  publisher = {Elsevier BV},
  author = {Wang,  Yi and Szeto,  W.Y. and Han,  Ke and Friesz,  Terry L.},
  year = {2018},
  month = may,
  pages = {370–394}
}
@article{urbanization,
author = {Jiang, Leiwen and Young, Malea and Hardee, Karen},
year = {2009},
month = {01},
pages = {},
title = {Population, urbanization, and the environment},
volume = {2008/9},
journal = {World watch}
}
@article{Hegewald2020,
  title = {Traffic Noise and Mental Health: A Systematic Review and Meta-Analysis},
  volume = {17},
  ISSN = {1660-4601},
  url = {http://dx.doi.org/10.3390/ijerph17176175},
  DOI = {10.3390/ijerph17176175},
  number = {17},
  journal = {International Journal of Environmental Research and Public Health},
  publisher = {MDPI AG},
  author = {Hegewald,  Janice and Schubert,  Melanie and Freiberg,  Alice and Romero Starke,  Karla and Augustin,  Franziska and Riedel-Heller,  Steffi G. and Zeeb,  Hajo and Seidler,  Andreas},
  year = {2020},
  month = aug,
  pages = {6175}
}
@article{Li2014,
  title = {Percolation transition in dynamical traffic network with evolving critical bottlenecks},
  volume = {112},
  ISSN = {1091-6490},
  url = {http://dx.doi.org/10.1073/pnas.1419185112},
  DOI = {10.1073/pnas.1419185112},
  number = {3},
  journal = {Proceedings of the National Academy of Sciences},
  publisher = {Proceedings of the National Academy of Sciences},
  author = {Li,  Daqing and Fu,  Bowen and Wang,  Yunpeng and Lu,  Guangquan and Berezin,  Yehiel and Stanley,  H. Eugene and Havlin,  Shlomo},
  year = {2014},
  month = dec,
  pages = {669–672}
}
@article{Zeng2018,
  title = {Switch between critical percolation modes in city traffic dynamics},
  volume = {116},
  ISSN = {1091-6490},
  url = {http://dx.doi.org/10.1073/pnas.1801545116},
  DOI = {10.1073/pnas.1801545116},
  number = {1},
  journal = {Proceedings of the National Academy of Sciences},
  publisher = {Proceedings of the National Academy of Sciences},
  author = {Zeng,  Guanwen and Li,  Daqing and Guo,  Shengmin and Gao,  Liang and Gao,  Ziyou and Stanley,  H. Eugene and Havlin,  Shlomo},
  year = {2018},
  month = dec,
  pages = {23–28}
}

@article{Anarchy, title={Price of Anarchy in Transportation Networks: Efficiency and Optimality Control}, volume={101}, ISSN={1079-7114}, url={http://dx.doi.org/10.1103/PhysRevLett.101.128701}, DOI={10.1103/physrevlett.101.128701}, number={12}, journal={Physical Review Letters}, publisher={American Physical Society (APS)}, author={Youn, Hyejin and Gastner, Michael T. and Jeong, Hawoong}, year={2008}, month=sep }

@article{Simini2012,
  title = {A universal model for mobility and migration patterns},
  volume = {484},
  ISSN = {1476-4687},
  url = {http://dx.doi.org/10.1038/nature10856},
  DOI = {10.1038/nature10856},
  number = {7392},
  journal = {Nature},
  publisher = {Springer Science and Business Media LLC},
  author = {Simini,  Filippo and González,  Marta C. and Maritan,  Amos and Barabási,  Albert-László},
  year = {2012},
  month = feb,
  pages = {96–100}
}